@inproceedings{Brooks1987NoSB,
  title={No Silver Bullet: Essence and Accidents of Software Engineering},
  author={Frederick P. Brooks},
  year={1987},
  url={https://api.semanticscholar.org/CorpusID:372277}
}

@article{DAM,
	Author = {Bernardi, S. and Merseguer, J. and Petriu, D. C.},
	Journal = {Software and Systems Modeling},
	Number = {3},
	Pages = {313--336},
	Title = {A dependability profile within {MARTE}.},
	Volume = {10},
	Year = {2011}}
	
@inproceedings{Ler2001UMLCD,
  title={UML Component Diagrams and Software Architecture Experiences from the WREN Project},
  author={Chris L{\"u}er and David S. Rosenblum},
  year={2001},
  url={https://api.semanticscholar.org/CorpusID:14759041}
}

@misc{belle2021systematically,
      title={Systematically reviewing the layered architectural pattern principles and their use to reconstruct software architectures}, 
      author={Alvine B. Belle and Ghizlane El Boussaidi and Timothy C. Lethbridge and Segla Kpodjedo and Hafedh Mili and Andres Paz},
      year={2021},
      eprint={2112.01644},
      archivePrefix={arXiv},
      primaryClass={cs.SE}
}