@article{Jackson1995DerivingSF,
  title={Deriving Specifications from Requirements: an Example},
  author={Michael Jackson and Pamela Zave},
  journal={1995 17th International Conference on Software Engineering},
  year={1995},
  pages={15-15},
  url={https://api.semanticscholar.org/CorpusID:207195327}
}

@article{Zave1997FourDC,
  title={Four dark corners of requirements engineering},
  author={Pamela Zave and Michael Jackson},
  journal={ACM Trans. Softw. Eng. Methodol.},
  year={1997},
  volume={6},
  pages={1-30},
  url={https://api.semanticscholar.org/CorpusID:6655178}
}

@online{TechTarget,
  author = {Linda Rosencrance},
  title = {Software Requirements Specification},
  year = {2019},
  url = {https://www.techtarget.com/searchsoftwarequality/definition/software-requirements-specification}
}

@inproceedings{Jackson1995SoftwareRA,
  title={Software requirements and specifications - a lexicon of practice, principles and prejudices},
  author={Michael A. Jackson},
  year={1995},
  url={https://api.semanticscholar.org/CorpusID:26967518}
}

@inproceedings{Brooks1987NoSB,
  title={No Silver Bullet: Essence and Accidents of Software Engineering},
  author={Frederick P. Brooks},
  year={1987},
  url={https://api.semanticscholar.org/CorpusID:372277}
}

@article{Bonino2021FORMALMA,
  title={FORMAL MODELING AND ANALYSIS OF ENTITY FRAMEWORK USING ALLOY},
  author={Maria Belen Bonino and Ana Gabriela Garis and Daniel Riesco},
  journal={International Journal of Software Engineering and Computer Systems},
  year={2021},
  url={https://api.semanticscholar.org/CorpusID:239624982}
}
